@article{LGG91,
        author = {Liskov, Barbara and Ghemawat, Sanjay and Gruber, Robert and Johnson, Paul and Shrira, Liuba},
        title = {Replication in the harp file system},
        journal = {SIGOPS Oper. Syst. Rev.},
        issue_date = {Oct. 1991},
        volume = {25},
        number = {5},
        month = sep,
        year = {1991},
        issn = {0163-5980},
        pages = {226--238},
        numpages = {13},
        url = {http://doi.acm.org/10.1145/121133.121169},
        doi = {10.1145/121133.121169},
        acmid = {121169},
        publisher = {ACM},
        address = {New York, NY, USA},
} 

@article{TML97,
        author = {Thekkath, Chandramohan A. and Mann, Timothy and Lee, Edward K.},
        title = {Frangipani: a scalable distributed file system},
        journal = {SIGOPS Oper. Syst. Rev.},
        issue_date = {Dec. 1997},
        volume = {31},
        number = {5},
        month = oct,
        year = {1997},
        issn = {0163-5980},
        pages = {224--237},
        numpages = {14},
        url = {http://doi.acm.org/10.1145/269005.266694},
        doi = {10.1145/269005.266694},
        acmid = {266694},
        publisher = {ACM},
        address = {New York, NY, USA},
} 

@article{KS92,
        author = {Kistler, James J. and Satyanarayanan, M.},
        title = {Disconnected operation in the Coda File System},
        journal = {ACM Trans. Comput. Syst.},
        issue_date = {Feb. 1992},
        volume = {10},
        number = {1},
        month = feb,
        year = {1992},
        issn = {0734-2071},
        pages = {3--25},
        numpages = {23},
        url = {http://doi.acm.org/10.1145/146941.146942},
        doi = {10.1145/146941.146942},
        acmid = {146942},
        publisher = {ACM},
        address = {New York, NY, USA},
        keywords = {disconnected operation, hoarding, optimistic replication,
                reintegration, second-class replication, server emulation},
} 





